@article{chan2015listen,
  title={Listen, attend and spell},
  author={Chan, William and Jaitly, Navdeep and Le, Quoc V and Vinyals, Oriol},
  journal={arXiv preprint arXiv:1508.01211},
  url={https://storage.googleapis.com/pub-tools-public-publication-data/pdf/44926.pdf},
  year={2015}
}

@article{sutskever2014sequence,
  title={Sequence to sequence learning with neural networks},
  author={Sutskever, Ilya and Vinyals, Oriol and Le, Quoc V},
  journal={arXiv preprint arXiv:1409.3215},
  url={https://arxiv.org/pdf/1409.3215.pdf},
  year={2014}
}

@article{bahdanau2014neural,
  title={Neural machine translation by jointly learning to align and translate},
  author={Bahdanau, Dzmitry and Cho, Kyunghyun and Bengio, Yoshua},
  journal={arXiv preprint arXiv:1409.0473},
  url={https://arxiv.org/pdf/1409.0473.pdf},
  year={2014}
}

@article{luong2015effective,
  title={Effective approaches to attention-based neural machine translation},
  author={Luong, Minh-Thang and Pham, Hieu and Manning, Christopher D},
  journal={arXiv preprint arXiv:1508.04025},
  url={https://arxiv.org/pdf/1508.04025.pdf},
  year={2015}
}

@article{hanson1990fast,
  title={Fast allocation and deallocation of memory based on object lifetimes},
  author={Hanson, David R},
  journal={Software: Practice and Experience},
  volume={20},
  number={1},
  pages={5--12},
  year={1990},
  url={https://sci-hub.tw/10.1002/spe.4380200104},
  publisher={Wiley Online Library}
}

@article{mckusick1984fast,
  title={A fast file system for UNIX},
  author={McKusick, Marshall K and Joy, William N and Leffler, Samuel J and Fabry, Robert S},
  journal={ACM Transactions on Computer Systems (TOCS)},
  volume={2},
  number={3},
  pages={181--197},
  year={1984},
  url={https://inst.cs.berkeley.edu/~cs162/sp10/hand-outs/FFS84.pdf},
  publisher={ACM New York, NY, USA}
}

@article{ritchie1978unixTheC,
  title={Unix time-sharing system: The C programming language},
  author={Ritchie, Dennis M and Johnson, Steven C and Lesk, Michael E and Kernighan, Brian W},
  journal={The Bell System Technical Journal},
  volume={57},
  number={6},
  pages={1991--2019},
  year={1978},
  url={https://tsunami.zaibatsutel.net/liberez/unix_timesharing/The_C_Programming_Language.pdf},
  publisher={Nokia Bell Labs}
}

@article{bourne1978unix,
  title={UNIX time-sharing system: The UNIX shell},
  author={Bourne, SR},
  journal={The Bell System Technical Journal},
  volume={57},
  number={6},
  pages={1971--1990},
  year={1978},
  url={https://sci-hub.tw/10.1002/j.1538-7305.1978.tb02139.x#},
  publisher={Nokia Bell Labs}
}

@article{ritchie1984unix,
  title={The UNIX System: The Evolution of the UNIX Time-sharing System},
  author={Ritchie, Dennis M},
  journal={AT\&T Bell Laboratories Technical Journal},
  volume={63},
  number={8},
  pages={1577--1593},
  year={1984},
  url={https://www.cs.jhu.edu/~huang/cs718/spring18/readings/unix-evolution.pdf},
  publisher={Wiley Online Library}
}

@article{lavington1978manchester,
	title={The Manchester Mark I and atlas: a historical perspective},
	author={Lavington, Simon H.},
	journal={Communications of the ACM},
	volume={21},
	number={1},
	pages={4--12},
	year={1978},
	url={http://esos.hanyang.ac.kr/files/courseware/graduate/System_software/atlas.pdf},
	publisher={ACM New York, NY, USA}
}

@article{thompson1978unix,
	title={UNIX time-sharing system: UNIX Implementation},
	author={Thompson, Ken},
	journal={The Bell System Technical Journal},
	volume={57},
	number={6},
	pages={1931--1946},
	year={1978},
	url={https://users.soe.ucsc.edu/~sbrandt/221/Papers/History/thompson-bstj78.pdf},
	publisher={Nokia Bell Labs}
}

@article{ritchie1978unix,
	title={The UNIX time-sharing system},
	author={Ritchie, Dennis M and Thompson, Ken},
	journal={Bell System Technical Journal},
	volume={57},
	number={6},
	pages={1905--1929},
	year={1978},
	url={http://vglab.cse.iitd.ernet.in/~sbansal/os/previous_years/2012/bib/ritchie74unix.pdf},
	publisher={Wiley Online Library}
}

@incollection{hansen2001evolution,
	title={The evolution of operating systems},
	author={Hansen, Per Brinch},
	booktitle={Classic operating systems},
	pages={1--34},
	year={2001},
	url={http://citeseerx.ist.psu.edu/viewdoc/download?doi=10.1.1.104.1524&rep=rep1&type=pdf},
	publisher={Springer}
}
@article{briggs1993efficient,
  title={An efficient representation for sparse sets},
  author={Briggs, Preston and Torczon, Linda},
  journal={ACM Letters on Programming Languages and Systems (LOPLAS)},
  volume={2},
  number={1-4},
  pages={59--69},
  year={1993},
  url={http://www.dcs.gla.ac.uk/~pat/ads2/papers/p59-briggs%5B1%5D.pdf},
  publisher={ACM New York, NY, USA}
}

@inproceedings{ze2013statistical,
  title={Statistical parametric speech synthesis using deep neural networks},
  author={Ze, Heiga and Senior, Andrew and Schuster, Mike},
  booktitle={2013 ieee international conference on acoustics, speech and signal processing},
  pages={7962--7966},
  year={2013},
  url={https://storage.googleapis.com/pub-tools-public-publication-data/pdf/40837.pdf},
  organization={IEEE}
}

@article{pariente2020asteroid,
  title={Asteroid: the PyTorch-based audio source separation toolkit for researchers},
  author={Pariente, Manuel and Cornell, Samuele and Cosentino, Joris and Sivasankaran, Sunit and Tzinis, Efthymios and Heitkaemper, Jens and Olvera, Michel and St{\"o}ter, Fabian-Robert and Hu, Mathieu and Mart{\'\i}n-Do{\~n}as, Juan M and others},
  journal={arXiv preprint arXiv:2005.04132},
  url={https://arxiv.org/pdf/2005.04132.pdf},
  year={2020}
}

@article{mohri1996some,
  title={On some applications of finite-state automata theory to natural language processing},
  author={Mohri, Mehryar},
  journal={Natural Language Engineering},
  volume={2},
  number={1},
  pages={61--80},
  year={1996},
  note="\url{https://pdfs.semanticscholar.org/8f86/86e0bd7db0fc2f9eddda2f24aea71f85d863.pdf}",
  publisher={Cambridge University Press}
}

@article{mohri1994compact,
  title={Compact representations by finite-state transducers},
  author={Mohri, Mehryar},
  journal={arXiv preprint cmp-lg/9407003},
  note="\url{https://arxiv.org/pdf/cmp-lg/9407003.pdf}",
  year={1994}
}

@article{mohri2005weighted,
  title={Weighted automata in text and speech processing},
  author={Mohri, Mehryar and Pereira, Fernando and Riley, Michael},
  journal={arXiv preprint cs/0503077},
  note="\url{https://arxiv.org/pdf/cs/0503077.pdf}",
  year={2005}
}

@article{mohri1997finite,
  title={Finite-state transducers in language and speech processing},
  author={Mohri, Mehryar},
  journal={Computational linguistics},
  volume={23},
  number={2},
  pages={269--311},
  note="\url{https://cs.nyu.edu/~mohri/pub/cl1.pdf}",
  year={1997},
  publisher={MIT Press}
}

@incollection{mohri2008speech,
  title={Speech recognition with weighted finite-state transducers},
  author={Mohri, Mehryar and Pereira, Fernando and Riley, Michael},
  booktitle={Springer Handbook of Speech Processing},
  pages={559--584},
  year={2008},
  note="\url{http://www.openfst.org/twiki/pub/FST/FstBackground/hbka.pdf}",
  publisher={Springer}
}

@article{mohri2002weighted,
  title={Weighted finite-state transducers in speech recognition},
  author={Mohri, Mehryar and Pereira, Fernando and Riley, Michael},
  journal={Computer Speech \& Language},
  volume={16},
  number={1},
  pages={69--88},
  year={2002},
  note="\url{http://www.openfst.org/twiki/pub/FST/FstBackground/csl01.pdf}",
  publisher={Elsevier}
}

@inproceedings{allauzen2007openfst,
  title={OpenFst: A general and efficient weighted finite-state transducer library},
  author={Allauzen, Cyril and Riley, Michael and Schalkwyk, Johan and Skut, Wojciech and Mohri, Mehryar},
  booktitle={International Conference on Implementation and Application of Automata},
  pages={11--23},
  year={2007},
  organization={Springer}
}

@article{mohri2000design,
  title={The design principles of a weighted finite-state transducer library},
  author={Mohri, Mehryar and Pereira, Fernando and Riley, Michael},
  journal={Theoretical Computer Science},
  volume={231},
  number={1},
  pages={17--32},
  year={2000},
  note="\url{https://cs.nyu.edu/~mohri/pub/tcs2.pdf}",
  publisher={Elsevier}
}

@article{juang2005automatic,
  title={Automatic speech recognition--a brief history of the technology development},
  author={Juang, Biing-Hwang and Rabiner, Lawrence R},
  journal={Georgia Institute of Technology. Atlanta Rutgers University and the University of California. Santa Barbara},
  volume={1},
  pages={67},
  year={2005}
}

@inproceedings{salimans2016weight,
  title={Weight normalization: A simple reparameterization to accelerate training of deep neural networks},
  author={Salimans, Tim and Kingma, Durk P},
  booktitle={Advances in neural information processing systems},
  pages={901--909},
  year={2016}
}

@inproceedings{jacob2018quantization,
  title={Quantization and training of neural networks for efficient integer-arithmetic-only inference},
  author={Jacob, Benoit and Kligys, Skirmantas and Chen, Bo and Zhu, Menglong and Tang, Matthew and Howard, Andrew and Adam, Hartwig and Kalenichenko, Dmitry},
  booktitle={Proceedings of the IEEE Conference on Computer Vision and Pattern Recognition},
  pages={2704--2713},
  url={https://arxiv.org/abs/1712.05877},
  year={2018}
}

