@article{hanson1990fast,
  title={Fast allocation and deallocation of memory based on object lifetimes},
  author={Hanson, David R},
  journal={Software: Practice and Experience},
  volume={20},
  number={1},
  pages={5--12},
  year={1990},
  url={https://sci-hub.tw/10.1002/spe.4380200104},
  publisher={Wiley Online Library}
}

@article{mckusick1984fast,
  title={A fast file system for UNIX},
  author={McKusick, Marshall K and Joy, William N and Leffler, Samuel J and Fabry, Robert S},
  journal={ACM Transactions on Computer Systems (TOCS)},
  volume={2},
  number={3},
  pages={181--197},
  year={1984},
  url={https://inst.cs.berkeley.edu/~cs162/sp10/hand-outs/FFS84.pdf},
  publisher={ACM New York, NY, USA}
}

@article{ritchie1978unixTheC,
  title={Unix time-sharing system: The C programming language},
  author={Ritchie, Dennis M and Johnson, Steven C and Lesk, Michael E and Kernighan, Brian W},
  journal={The Bell System Technical Journal},
  volume={57},
  number={6},
  pages={1991--2019},
  year={1978},
  url={https://tsunami.zaibatsutel.net/liberez/unix_timesharing/The_C_Programming_Language.pdf},
  publisher={Nokia Bell Labs}
}

@article{bourne1978unix,
  title={UNIX time-sharing system: The UNIX shell},
  author={Bourne, SR},
  journal={The Bell System Technical Journal},
  volume={57},
  number={6},
  pages={1971--1990},
  year={1978},
  url={https://sci-hub.tw/10.1002/j.1538-7305.1978.tb02139.x#},
  publisher={Nokia Bell Labs}
}

@article{ritchie1984unix,
  title={The UNIX System: The Evolution of the UNIX Time-sharing System},
  author={Ritchie, Dennis M},
  journal={AT\&T Bell Laboratories Technical Journal},
  volume={63},
  number={8},
  pages={1577--1593},
  year={1984},
  url={https://www.cs.jhu.edu/~huang/cs718/spring18/readings/unix-evolution.pdf},
  publisher={Wiley Online Library}
}

@article{lavington1978manchester,
	title={The Manchester Mark I and atlas: a historical perspective},
	author={Lavington, Simon H.},
	journal={Communications of the ACM},
	volume={21},
	number={1},
	pages={4--12},
	year={1978},
	url={http://esos.hanyang.ac.kr/files/courseware/graduate/System_software/atlas.pdf},
	publisher={ACM New York, NY, USA}
}

@article{thompson1978unix,
	title={UNIX time-sharing system: UNIX Implementation},
	author={Thompson, Ken},
	journal={The Bell System Technical Journal},
	volume={57},
	number={6},
	pages={1931--1946},
	year={1978},
	url={https://users.soe.ucsc.edu/~sbrandt/221/Papers/History/thompson-bstj78.pdf},
	publisher={Nokia Bell Labs}
}

@article{ritchie1978unix,
	title={The UNIX time-sharing system},
	author={Ritchie, Dennis M and Thompson, Ken},
	journal={Bell System Technical Journal},
	volume={57},
	number={6},
	pages={1905--1929},
	year={1978},
	url={http://vglab.cse.iitd.ernet.in/~sbansal/os/previous_years/2012/bib/ritchie74unix.pdf},
	publisher={Wiley Online Library}
}

@incollection{hansen2001evolution,
	title={The evolution of operating systems},
	author={Hansen, Per Brinch},
	booktitle={Classic operating systems},
	pages={1--34},
	year={2001},
	url={http://citeseerx.ist.psu.edu/viewdoc/download?doi=10.1.1.104.1524&rep=rep1&type=pdf},
	publisher={Springer}
}
