@article{mohri1996some,
  title={On some applications of finite-state automata theory to natural language processing},
  author={Mohri, Mehryar},
  journal={Natural Language Engineering},
  volume={2},
  number={1},
  pages={61--80},
  year={1996},
  note="\url{https://pdfs.semanticscholar.org/8f86/86e0bd7db0fc2f9eddda2f24aea71f85d863.pdf}",
  publisher={Cambridge University Press}
}

@article{mohri1994compact,
  title={Compact representations by finite-state transducers},
  author={Mohri, Mehryar},
  journal={arXiv preprint cmp-lg/9407003},
  note="\url{https://arxiv.org/pdf/cmp-lg/9407003.pdf}",
  year={1994}
}

@article{mohri2005weighted,
  title={Weighted automata in text and speech processing},
  author={Mohri, Mehryar and Pereira, Fernando and Riley, Michael},
  journal={arXiv preprint cs/0503077},
  note="\url{https://arxiv.org/pdf/cs/0503077.pdf}",
  year={2005}
}

@article{mohri1997finite,
  title={Finite-state transducers in language and speech processing},
  author={Mohri, Mehryar},
  journal={Computational linguistics},
  volume={23},
  number={2},
  pages={269--311},
  note="\url{https://cs.nyu.edu/~mohri/pub/cl1.pdf}",
  year={1997},
  publisher={MIT Press}
}

@incollection{mohri2008speech,
  title={Speech recognition with weighted finite-state transducers},
  author={Mohri, Mehryar and Pereira, Fernando and Riley, Michael},
  booktitle={Springer Handbook of Speech Processing},
  pages={559--584},
  year={2008},
  note="\url{http://www.openfst.org/twiki/pub/FST/FstBackground/hbka.pdf}",
  publisher={Springer}
}

@article{mohri2002weighted,
  title={Weighted finite-state transducers in speech recognition},
  author={Mohri, Mehryar and Pereira, Fernando and Riley, Michael},
  journal={Computer Speech \& Language},
  volume={16},
  number={1},
  pages={69--88},
  year={2002},
  note="\url{http://www.openfst.org/twiki/pub/FST/FstBackground/csl01.pdf}",
  publisher={Elsevier}
}

@inproceedings{allauzen2007openfst,
  title={OpenFst: A general and efficient weighted finite-state transducer library},
  author={Allauzen, Cyril and Riley, Michael and Schalkwyk, Johan and Skut, Wojciech and Mohri, Mehryar},
  booktitle={International Conference on Implementation and Application of Automata},
  pages={11--23},
  year={2007},
  organization={Springer}
}

@article{mohri2000design,
  title={The design principles of a weighted finite-state transducer library},
  author={Mohri, Mehryar and Pereira, Fernando and Riley, Michael},
  journal={Theoretical Computer Science},
  volume={231},
  number={1},
  pages={17--32},
  year={2000},
  note="\url{https://cs.nyu.edu/~mohri/pub/tcs2.pdf}",
  publisher={Elsevier}
}

@article{juang2005automatic,
  title={Automatic speech recognition--a brief history of the technology development},
  author={Juang, Biing-Hwang and Rabiner, Lawrence R},
  journal={Georgia Institute of Technology. Atlanta Rutgers University and the University of California. Santa Barbara},
  volume={1},
  pages={67},
  year={2005}
}
