@article{briggs1993efficient,
  title={An efficient representation for sparse sets},
  author={Briggs, Preston and Torczon, Linda},
  journal={ACM Letters on Programming Languages and Systems (LOPLAS)},
  volume={2},
  number={1-4},
  pages={59--69},
  year={1993},
  url={http://www.dcs.gla.ac.uk/~pat/ads2/papers/p59-briggs%5B1%5D.pdf},
  publisher={ACM New York, NY, USA}
}
