
@inproceedings{ze2013statistical,
  title={Statistical parametric speech synthesis using deep neural networks},
  author={Ze, Heiga and Senior, Andrew and Schuster, Mike},
  booktitle={2013 ieee international conference on acoustics, speech and signal processing},
  pages={7962--7966},
  year={2013},
  url={https://storage.googleapis.com/pub-tools-public-publication-data/pdf/40837.pdf},
  organization={IEEE}
}
