
@article{pariente2020asteroid,
  title={Asteroid: the PyTorch-based audio source separation toolkit for researchers},
  author={Pariente, Manuel and Cornell, Samuele and Cosentino, Joris and Sivasankaran, Sunit and Tzinis, Efthymios and Heitkaemper, Jens and Olvera, Michel and St{\"o}ter, Fabian-Robert and Hu, Mathieu and Mart{\'\i}n-Do{\~n}as, Juan M and others},
  journal={arXiv preprint arXiv:2005.04132},
  url={https://arxiv.org/pdf/2005.04132.pdf},
  year={2020}
}

